@misc{tds,
title = {{Towards Data Science}} ,
note = {on-line at: \url{https://towardsdatascience.com/}} ,
    author = {Sharing concepts, ideas, and codes}
}

@misc{panda,
title = {{Python data analysis library}} ,
note = {on-line at: \url{https://pandas.pydata.org}} ,
    author = {Open source library}
}

@misc{colab,
title = {{Colaboratory}},
note = {on-line at: \url{https://colab.research.google.com}}
}

@misc{scikit,
title = {{Scikit-learn}},
note = {on-line at: \url{https://scikit-learn.org}}
}


@book{vi,
  title={{Veštačka inteligencija}},
  author={Predrag Janičić Mladen Nikolić},
  year={2018}
}



